<record><leader>00000cas a22000007a 4500</leader><controlfield tag="001">39759043</controlfield><controlfield tag="008">980827c199u9999cauer ne      0    0eng d</controlfield><datafield ind1=" " ind2=" " tag="010"><subfield code="a">sn 98061890 </subfield></datafield><datafield ind1=" " ind2=" " tag="040"><subfield code="a">CNK</subfield><subfield code="b">eng</subfield><subfield code="c">CNK</subfield><subfield code="d">OCLCQ</subfield><subfield code="d">OCLCF</subfield><subfield code="d">OCLCO</subfield></datafield><datafield ind1="1" ind2=" " tag="029"><subfield code="a">AU@</subfield><subfield code="b">000014197012</subfield></datafield><datafield ind1=" " ind2=" " tag="042"><subfield code="a">msc</subfield></datafield><datafield ind1=" " ind2=" " tag="043"><subfield code="a">n-us-ca</subfield></datafield><datafield ind1="0" ind2="0" tag="245"><subfield code="a">San Jose city times.</subfield></datafield><datafield ind1="1" ind2="3" tag="246"><subfield code="a">San Jose times &amp; Willow Glen resident</subfield><subfield code="f">Sept. 16-29, 1992-&lt;Nov. 23-Dec. 6, 1994)</subfield></datafield><datafield ind1=" " ind2=" " tag="260"><subfield code="a">San Jose, CA :</subfield><subfield code="b">Metro Pub.</subfield></datafield><datafield ind1=" " ind2=" " tag="300"><subfield code="a">v.</subfield></datafield><datafield ind1=" " ind2=" " tag="310"><subfield code="a">Biweekly,</subfield><subfield code="b">Apr. 15, 1992-&lt;Nov. 23-Dec. 6, 1994&gt;</subfield></datafield><datafield ind1=" " ind2=" " tag="321"><subfield code="a">Monthly,</subfield><subfield code="b">&lt;Apr. 1991&gt;-Apr. 1992</subfield></datafield><datafield ind1=" " ind2=" " tag="588"><subfield code="a">Description based on: Vol. 1, no. 4 (Apr. 1991).</subfield></datafield><datafield ind1=" " ind2="0" tag="651"><subfield code="a">San Jose (Calif.)</subfield><subfield code="v">Newspapers.</subfield></datafield><datafield ind1=" " ind2="7" tag="655"><subfield code="a">Newspapers.</subfield><subfield code="2">fast</subfield><subfield code="0">(OCoLC)fst01423814</subfield></datafield><datafield ind1=" " ind2="7" tag="651"><subfield code="a">California</subfield><subfield code="z">San Jose.</subfield><subfield code="2">fast</subfield><subfield code="0">(OCoLC)fst01206320</subfield></datafield><datafield ind1=" " ind2=" " tag="752"><subfield code="a">United States</subfield><subfield code="b">California</subfield><subfield code="c">Santa Clara</subfield><subfield code="d">San Jose.</subfield></datafield></record>